<record><leader>00000cas a22000007a 4500</leader><controlfield tag="001">19381029</controlfield><controlfield tag="008">890317d1967197umduwr ne      0    0eng d</controlfield><datafield ind1=" " ind2=" " tag="010"><subfield code="a">sn 88065757 </subfield></datafield><datafield ind1=" " ind2=" " tag="040"><subfield code="a">MFN</subfield><subfield code="b">eng</subfield><subfield code="c">MFN</subfield><subfield code="d">OCLCQ</subfield></datafield><datafield ind1=" " ind2=" " tag="042"><subfield code="a">msc</subfield></datafield><datafield ind1=" " ind2="4" tag="050"><subfield code="a">AN41.641.D3</subfield><subfield code="b">C6</subfield></datafield><datafield ind1="0" ind2=" " tag="130"><subfield code="a">County courier (Rockville, Md.)</subfield></datafield><datafield ind1="1" ind2="4" tag="245"><subfield code="a">The county courier.</subfield></datafield><datafield ind1=" " ind2=" " tag="260"><subfield code="a">Rockville &amp; Damascus, Md. :</subfield><subfield code="b">Courier Pub. Co.</subfield></datafield><datafield ind1=" " ind2=" " tag="300"><subfield code="a">v.</subfield></datafield><datafield ind1=" " ind2=" " tag="310"><subfield code="a">Weekly,</subfield><subfield code="b">&lt;Mar. 26, 1969&gt;-</subfield></datafield><datafield ind1=" " ind2=" " tag="321"><subfield code="a">Frequency varies</subfield></datafield><datafield ind1="0" ind2=" " tag="362"><subfield code="a">3rd year, issue no. 10 (June 23, 1967)-</subfield></datafield><datafield ind1=" " ind2=" " tag="500"><subfield code="a">Published at Rockville and Gaithersburg, Md., &lt;June 1968&gt;-</subfield></datafield><datafield ind1=" " ind2=" " tag="752"><subfield code="a">United States</subfield><subfield code="b">Maryland</subfield><subfield code="c">Montgomery</subfield><subfield code="d">Rockville.</subfield></datafield><datafield ind1=" " ind2=" " tag="752"><subfield code="a">United States</subfield><subfield code="b">Maryland</subfield><subfield code="c">Montgomery</subfield><subfield code="d">Damascus.</subfield></datafield><datafield ind1=" " ind2=" " tag="752"><subfield code="a">United States</subfield><subfield code="b">Maryland</subfield><subfield code="c">Montgomery</subfield><subfield code="d">Gaithersburg.</subfield></datafield><datafield ind1="0" ind2="1" tag="780"><subfield code="t">Courier (Damascus, Md.)</subfield><subfield code="w">(DLC)sn 88065936</subfield></datafield><datafield ind1="0" ind2="4" tag="785"><subfield code="t">Damascus courier (Rockville, Md.)</subfield><subfield code="w">(DLC)sn 88065758</subfield></datafield></record>